@article{mikolov2013,
  title={Efficient estimation of word representations in vector space},
  author={Mikolov, Tomas and Chen, Kai and Corrado, Greg and Dean, Jeffrey},
  journal={arXiv preprint},
  year={2013}
}
@inproceedings{le2014,
  title={Distributed representations of sentences and documents},
  author={Le, Quoc and Mikolov, Tomas},
  booktitle={International Conference on Machine Learning},
  pages={1188--1196},
  year={2014},
  organization={PMLR}
}

@book{jm2,
 author = {Jurafsky, Daniel and Martin, James H.},
 title = {Speech and Language Processing (2nd Edition)},
 year = {2009},
 isbn = {0131873210},
 publisher = {Prentice-Hall, Inc.},
 address = {Upper Saddle River, NJ, USA},
} 

@article{AndersonStritch2016,
  author  = {Anderson, D. M. and Stritch, J. M.},
  year    = {2016},
  title   = {Goal clarity, task significance, and performance: Evidence from a laboratory experiment},
  journal = {Journal of Public Administration Research and Theory},
  volume  = {26},
  number  = {2},
  pages   = {211--225},
  doi     = {10.1093/jopart/muv019}
}

@article{BesleyGhatak2003,
  author  = {Besley, T. and Ghatak, M.},
  year    = {2003},
  title   = {Competition and incentives with motivated agents},
  journal = {American Economic Review},
  volume  = {95},
  number  = {3},
  pages   = {616--636},
  doi     = {10.1257/0002828054201413}
}

@article{Black2008,
  author  = {Black, J.},
  year    = {2008},
  title   = {Constructing and contesting legitimacy and accountability in polycentric regulatory regimes},
  journal = {Regulation \& Governance},
  volume  = {2},
  number  = {2},
  pages   = {137--164},
  doi     = {10.1111/j.1748-5991.2008.00034.x}
}

@article{BusuiocLodge2016,
  author  = {Busuioc, M. and Lodge, M.},
  year    = {2016},
  title   = {The reputational basis of public accountability},
  journal = {Governance},
  volume  = {29},
  number  = {2},
  pages   = {247--263},
  doi     = {10.1111/gove.12161}
}

@article{CarpenterKrause2012,
  author  = {Carpenter, D. P. and Krause, G. A.},
  year    = {2012},
  title   = {Reputation and public administration},
  journal = {Public Administration Review},
  volume  = {72},
  number  = {1},
  pages   = {26--32},
  doi     = {10.1111/j.1540-6210.2011.02506.x}
}

@article{DamonteDunlopRadaelli2014,
  author  = {Damonte, A. and Dunlop, C. A. and Radaelli, C. M.},
  year    = {2014},
  title   = {Controlling bureaucracies with fire alarms: Policy instruments and cross-country patterns},
  journal = {Journal of European Public Policy},
  volume  = {21},
  number  = {9},
  pages   = {1330--1349},
  doi     = {10.1080/13501763.2014.923021}
}

@article{deClippelRozen2021,
  author  = {de Clippel, G. and Rozen, K.},
  year    = {2021},
  title   = {Bounded rationality and limited datasets},
  journal = {Theoretical Economics},
  volume  = {16},
  number  = {2},
  pages   = {359--380},
  doi     = {10.3982/TE4070}
}

@article{DeFrancescoRadaelliTroeger2012,
  author  = {De Francesco, F. and Radaelli, C. M. and Troeger, V. E.},
  year    = {2012},
  title   = {Implementing regulatory innovations in Europe: The case of impact assessment},
  journal = {Journal of European Public Policy},
  volume  = {19},
  number  = {4},
  pages   = {491--511},
  doi     = {10.1080/13501763.2011.607342}
}

@article{Dixit2002,
  author  = {Dixit, A.},
  year    = {2002},
  title   = {Incentives and organizations in the public sector: An interpretive review},
  journal = {Journal of Human Resources},
  volume  = {37},
  number  = {4},
  pages   = {696--727},
  doi     = {10.2307/3069614}
}

@article{Duvanova2012,
  author  = {Duvanova, D.},
  year    = {2012},
  title   = {Bureaucratic discretion and the regulatory burden: Business environments under alternative regulatory regimes},
  journal = {British Journal of Political Science},
  volume  = {42},
  number  = {3},
  pages   = {573--596},
  doi     = {10.1017/S0007123411000457}
}

@article{Gilad2015,
  author  = {Gilad, S.},
  year    = {2015},
  title   = {Political pressures, organizational identity, and attention to tasks: Illustrations from pre-crisis financial regulation},
  journal = {Public Administration},
  volume  = {93},
  number  = {3},
  pages   = {593--608},
  doi     = {10.1111/padm.12155}
}

@article{GiladMaorBloom2015,
  author  = {Gilad, S. and Maor, M. and Ben-Nun Bloom, P.},
  year    = {2015},
  title   = {Organizational reputation, the content of public allegations, and regulatory communication},
  journal = {Journal of Public Administration Research and Theory},
  volume  = {25},
  number  = {2},
  pages   = {451--478},
  doi     = {10.1093/jopart/mut041}
}

@article{HebertWoodford2023,
  author  = {H\'{e}bert, B. and Woodford, M.},
  year    = {2023},
  title   = {Rational inattention when decisions take time},
  journal = {Journal of Economic Theory},
  volume  = {208},
  pages   = {105612},
  doi     = {10.1016/j.jet.2023.105612}
}

@article{HuberShipan2000,
  author  = {Huber, J. D. and Shipan, C. R.},
  year    = {2000},
  title   = {The costs of control: Legislators, agencies, and transaction costs},
  journal = {Legislative Studies Quarterly},
  volume  = {25},
  number  = {1},
  pages   = {25--52},
  doi     = {10.2307/440392}
}

@article{MaggettiPapadopoulos2018,
  author  = {Maggetti, M. and Papadopoulos, Y.},
  year    = {2018},
  title   = {The principal--agent framework and independent regulatory agencies},
  journal = {Political Studies Review},
  volume  = {16},
  number  = {3},
  pages   = {172--183},
  doi     = {10.1177/1478929916664359}
}

@article{Prendergast2003,
  author  = {Prendergast, C.},
  year    = {2003},
  title   = {The limits of bureaucratic efficiency},
  journal = {Journal of Political Economy},
  volume  = {111},
  number  = {5},
  pages   = {929--958},
  doi     = {10.1086/376956}
}

